<?xml version="1.0" encoding="UTF-8"?><collection xmlns="http://www.loc.gov/MARC21/slim"><record><leader>00435nam--2200157-i-4500</leader><controlfield tag="001">000014788</controlfield><controlfield tag="002">20161230</controlfield><controlfield tag="005">20170301160216</controlfield><controlfield tag="008">060222s1000------------r-----000-0-eng-d</controlfield><datafield ind1=" " ind2=" " tag="040"><subfield code="a">IFIN-HH</subfield></datafield><datafield ind1="1" ind2=" " tag="100"><subfield code="a">Borowitz, Sidney</subfield></datafield><datafield ind1="1" ind2="0" tag="245"><subfield code="a">Fundamentals of quantum mechanics particles waves and eave mechanics</subfield></datafield><datafield ind1=" " ind2=" " tag="260"><subfield code="a">New York, W.A.Benjamin, Inc., 1967</subfield></datafield><datafield ind1=" " ind2=" " tag="490"><subfield code="a">XIV+40p</subfield></datafield><datafield ind1=" " ind2=" " tag="852"><subfield code="a">30918</subfield><subfield code="b">530.145</subfield></datafield><datafield ind1=" " ind2=" " tag="CAT"><subfield code="a">SYS</subfield><subfield code="c">20170301</subfield><subfield code="h">160216</subfield></datafield></record></collection>